
@article{DBLP:journals/acta/FinkelB74,
  author    = {Raphael A. Finkel and
               Jon Louis Bentley},
  title     = {Quad Trees: A Data Structure for Retrieval on Composite
               Keys},
  journal   = {Acta Inf.},
  volume    = {4},
  year      = {1974},
  pages     = {1-9},
  bibsource = {DBLP, http://dblp.uni-trier.de}
}

% filename: p187-samet.pdf
@article{DBLP:journals/csur/Samet84,
  author    = {Hanan Samet},
  title     = {The Quadtree and Related Hierarchical Data Structures},
  journal   = {ACM Comput. Surv.},
  volume    = {16},
  number    = {2},
  year      = {1984},
  pages     = {187-260},
  ee        = {db/journals/csur/Samet84.html},
  bibsource = {DBLP, http://dblp.uni-trier.de}
}

% das buch
@book{DBLP:books/aw/Samet90,
  author    = {Hanan Samet},
  title     = {The Design and Analysis of Spatial Data Structures},
  publisher = {Addison-Wesley},
  year      = {1990},
  bibsource = {DBLP, http://dblp.uni-trier.de}
}

@article{DBLP:journals/cacm/Samet80a,
	author    = {Hanan Samet},
	title     = {Deletion in Two-Dimensional Quad Trees},
	journal   = {Commun. ACM},
	volume    = {23},
	number    = {12},
	year      = {1980},
	pages     = {703-710},
	bibsource = {DBLP, http://dblp.uni-trier.de}
}

% p905-gargantini.pdf
@article{DBLP:journals/cacm/Gargantini82,
	author    = {Irene Gargantini},
	title     = {An Effective Way to Represent Quadtrees},
	journal   = {Commun. ACM},
	volume    = {25},
	number    = {12},
	year      = {1982},
	pages     = {905-910},
	bibsource = {DBLP, http://dblp.uni-trier.de}
}


% deBerg
@book{compgeom:2000,
  author = {Mark de Berg and Marc van Kreveld and Mark Overmars and Otfried Schwarzkopf},
  edition = {Second},
  interhash = {56b511e262f19ac52d0aefa0470202e5},
  intrahash = {700334e7df2fbf7c4e88479b011cb848},
  pages = 367,
  publisher = {Springer-Verlag},
  title = {Computational Geometry: Algorithms and Applications},
  url = {http://www.cs.uu.nl/geobook/},
  year = 2000,
  keywords = {graphics cairo library algorithms},
  added-at = {2006-12-29T15:59:00.000+0100},
  description = {Computational Geometry textbook},
  biburl = {http://www.bibsonomy.org/bibtex/2700334e7df2fbf7c4e88479b011cb848/cairo},
}

% p100-flajolet
@inproceedings{Flajolet:1991:AMS:127787.127810,
 author = {Flajolet, Philippe and Gonnet, Gaston and Puech, Claude and Robson, J. M.},
 title = {The analysis of multidimensional searching in quad-trees},
 booktitle = {Proceedings of the second annual ACM-SIAM symposium on Discrete algorithms},
 series = {SODA '91},
 year = {1991},
 isbn = {0-89791-376-0},
 location = {San Francisco, California, United States},
 pages = {100--109},
 numpages = {10},
 url = {http://portal.acm.org/citation.cfm?id=127787.127810},
 acmid = {127810},
 publisher = {Society for Industrial and Applied Mathematics},
 address = {Philadelphia, PA, USA},
}

% kdtree.pdf
@article{Bentley:1975,
 author = {Bentley, Jon Louis},
 title = {Multidimensional binary search trees used for associative searching},
 journal = {Commun. ACM},
 volume = {18},
 issue = {9},
 month = {September},
 year = {1975},
 issn = {0001-0782},
 pages = {509--517},
 numpages = {9},
 url = {http://doi.acm.org/10.1145/361002.361007},
 doi = {http://doi.acm.org/10.1145/361002.361007},
 acmid = {361007},
 publisher = {ACM},
 address = {New York, NY, USA},
 keywords = {associative retrieval, attribute, binary search trees, binary tree insertion, information retrieval system, intersection queries, key, nearest neighbor queries, partial match queries},
} 


% to read:
% title     = {An Effective Way to Represent Quadtrees},

